@misc{EMHeadsets,
	author = "Jeffrey N. Denenberg and David J. Claybaugh",
	year = "1993",
	title = "A Selective Noise Canceling Headset For Use In Emergency Vehicles",
	institution = "Noise Cancellation Technologies, Inc.",
	url = "http://doctord.dyndns.org:8000/Pubs/INCE.htm"
}

@misc{EMNoiseCancel,
	author = "Jeffrey N. Denenberg, PhD. ",
	title = "NOISE CANCELLATION: QUIETING THE ENVIRONMENT",
	year = "",
	institution = "Noise Cancellation Technologies, Inc.",
	url = "http://doctord.dyndns.org:8000/pubs/potent.htm"
}

@misc{ICAAlg&Apps,
	author = "Aapo Hyv√§rinen and Erkki Oja",
	title = "Independent Component Analysis: Algorithms and Applications",
	year = "2000",
	institution = "Neural Networks Research Centre, Helsinki University of Technology",
	url = "http://citeseerx.ist.psu.edu/viewdoc/download?doi=10.1.1.79.7003&rep=rep1&type=pdf"
}

@book{MusCogCompSou,
	author = "Perry R. Cook",
	title = "Music, cognition, and computerized sound: an introduction to psychoacoustics",
	publisher = "The MIT Press",
	year = "2001",
	address = "Massachusetts Institute of Technology\\Cambridge, Massachusetts 02142",
	edition = "First {MIT} Press paperback edition",
	isbn = "0-262-53190-9",
	url = "http://books.google.co.uk/books?hl=en&lr=&id=L04W8ADtpQ4C&oi=fnd&pg=PR7&dq=psychoacoustics&ots=7hlmBcMNF4&sig=GPq93xVBhI5NdIWojsaWSda6qQM#v=onepage&q=delay&f=false"
}

@misc{ICABSSDSP,
	author = "Adaptive Blind Audio Signal Separation on a DSP",
	title = "J. van de Laar, E.A.P. Habets, J.D.P.A. Peters, P.A.M. Lokkart",
	year = "",
	institution = "Technishe Universisteit Eindhoven, Dept. of Electrical Engineering",
	url = "http://ehabets.dereverberation.org/files/Laar2001.pdf"
}

@book{CASA,
	author = "Perry R. Cook",
	title = "Music, cognition, and computerized sound: an introduction to psychoacoustics",
	publisher = "The MIT Press",
	year = "2001",
	address = "Massachusetts Institute of Technology\\Cambridge, Massachusetts 02142",
	edition = "First {MIT} Press paperback edition",
	isbn = "0-262-53190-9",
	url = "http://books.google.co.uk/books?hl=en&lr=&id=L04W8ADtpQ4C&oi=fnd&pg=PR7&dq=psychoacoustics&ots=7hlmBcMNF4&sig=GPq93xVBhI5NdIWojsaWSda6qQM#v=onepage&q=delay&f=false"
}

@book{AdvancedDSPing,
	author = "Saeed V. Vaseghi",
	title = "Advanced digital signal processing and noise reduction",
	publisher = "John Wiley {\&} Sons Ltd.",
	year = "2008",
	address = "John Wiley {\&} Sons Ltd., The Atrium, Southern Gate, Chichester, West Sussex, PO19 8SQ",
	edition = "Fourth",
	isbn = "9780470754061",
	url = "http://books.google.co.uk/books?hl=en&lr=&id=vVgLv0ed3cgC&oi=fnd&pg=PR7&dq=Advanced+signal+processing+and+digital+noise+reduction&ots=9HIETJMwyr&sig=ZMXEuWcfBD2ls08OHzh7RL2okyM#v=onepage&q&f=false"
}
