@misc{EMHeadsets,
	author = "Jeffrey N. Denenberg and David J. Claybaugh",
	year = "1993",
	title = "A Selective Noise Canceling Headset For Use In Emergency Vehicles",
	institution = "Noise Cancellation Technologies, Inc.",
	url = "http://doctord.dyndns.org:8000/Pubs/INCE.htm"
}

@misc{EMNoiseCancel,
	author = "Jeffrey N. Denenberg, PhD. ",
	title = "NOISE CANCELLATION: QUIETING THE ENVIRONMENT",
	year = "",
	institution = "Noise Cancellation Technologies, Inc.",
	url = "http://doctord.dyndns.org:8000/pubs/potent.htm"
}
